<?xml version="1.0" encoding="UTF-8"?><collection xmlns="http://www.loc.gov/MARC21/slim"><record><leader>00534nam--2200181-i-4500</leader><controlfield tag="001">000046628</controlfield><controlfield tag="002">20161230</controlfield><controlfield tag="005">20161230201046</controlfield><controlfield tag="008">060222s1000------------r-----000-0-rum-d</controlfield><datafield ind1=" " ind2=" " tag="040"><subfield code="a">IFIN-HH</subfield></datafield><datafield ind1=" " ind2=" " tag="041"><subfield code="a">rum</subfield></datafield><datafield ind1=" " ind2=" " tag="080"><subfield code="a">539.12</subfield></datafield><datafield ind1="1" ind2=" " tag="100"><subfield code="a">Vescan, Teofil T</subfield></datafield><datafield ind1="1" ind2="0" tag="245"><subfield code="a">Curs de teoria particulelor elementare</subfield><subfield code="b">Pentru sectiile de fizica</subfield><subfield code="c">Teofil t. vescan (sub redactia profesorului dr.)</subfield></datafield><datafield ind1=" " ind2=" " tag="260"><subfield code="a">Bucuresti</subfield><subfield code="b">Editura Didactica Si Pedagogica</subfield><subfield code="c">1963</subfield></datafield><datafield ind1=" " ind2=" " tag="300"><subfield code="a">390P</subfield></datafield><datafield ind1=" " ind2=" " tag="852"><subfield code="a">9349</subfield><subfield code="c">539.12</subfield></datafield><datafield ind1=" " ind2=" " tag="CAT"><subfield code="a">Sys</subfield><subfield code="c">20111102</subfield><subfield code="h">125249</subfield></datafield></record></collection>